<?xml version="1.0" encoding="UTF-8"?><collection xmlns="http://www.loc.gov/MARC21/slim"><record><leader>00302nam--2200109-i-4500</leader><controlfield tag="001">000021116</controlfield><controlfield tag="002">20161230</controlfield><controlfield tag="005">20161230201034</controlfield><controlfield tag="008">060222s1000------------r-----000-0-eng-d</controlfield><datafield ind1=" " ind2=" " tag="245"><subfield code="a">Hochspannungstechnik. band 1 teil 1: gasentladungen</subfield></datafield><datafield ind1=" " ind2=" " tag="260"><subfield code="a">Berlin, Veb Verlag Technik, 1955, 298p. Cu Fig</subfield></datafield><datafield ind1=" " ind2=" " tag="852"><subfield code="a">11200</subfield></datafield></record></collection>